<?xml version="1.0" encoding="UTF-8"?><collection xmlns="http://www.loc.gov/MARC21/slim"><record><leader>00492nam--2200181-i-4500</leader><controlfield tag="001">000001270</controlfield><controlfield tag="002">20161230</controlfield><controlfield tag="005">20170128145800</controlfield><controlfield tag="008">060222s1000------------r-----000-0-eng-d</controlfield><datafield ind1=" " ind2=" " tag="080"><subfield code="a">5.2229(1958)</subfield></datafield><datafield ind1=" " ind2=" " tag="100"><subfield code="a">Giustina, G</subfield></datafield><datafield ind1=" " ind2=" " tag="245"><subfield code="a">Metodi di misura della radioactivita del c14</subfield></datafield><datafield ind1=" " ind2=" " tag="260"><subfield code="a">Milano</subfield><subfield code="b">Inst. Di Fisica Sperim.Del Polit</subfield><subfield code="c">1958</subfield></datafield><datafield ind1=" " ind2=" " tag="300"><subfield code="a">/229-246/ p</subfield></datafield><datafield ind1=" " ind2=" " tag="490"><subfield code="a">Estratto Da: Energia Nucleare</subfield></datafield><datafield ind1=" " ind2=" " tag="700"><subfield code="a">Lazzarini, E</subfield></datafield><datafield ind1=" " ind2=" " tag="852"><subfield code="a">6163</subfield></datafield><datafield ind1=" " ind2=" " tag="CAT"><subfield code="a">SYS</subfield><subfield code="c">20170128</subfield><subfield code="h">145800</subfield></datafield></record></collection>